<?xml version = "1.0" encoding = "UTF-8"?><record>
  <leader>01069nas#a22003611ca4500</leader>
  <controlfield tag="005">20210407214504.0</controlfield>
  <controlfield tag="007">tu</controlfield>
  <controlfield tag="008">991120m19409999sp#w|#n#######|####|spa#c</controlfield>
  <controlfield tag="003">DE-605</controlfield>
  <controlfield tag="001">990055479940206441</controlfield>
  <datafield tag="016" ind1="7" ind2=" ">
    <subfield code="a">1001414361</subfield>
    <subfield code="2">OCoLC</subfield>
  </datafield>
  <datafield tag="016" ind1="7" ind2=" ">
    <subfield code="a">013623451</subfield>
    <subfield code="2">DE-101b</subfield>
  </datafield>
  <datafield tag="016" ind1="7" ind2=" ">
    <subfield code="a">626580-7</subfield>
    <subfield code="2">DE-600</subfield>
  </datafield>
  <datafield tag="022" ind1=" " ind2=" ">
    <subfield code="a">0012-9038</subfield>
    <subfield code="0">(uri) http://worldcat.org/issn/0012-9038</subfield>
  </datafield>
  <datafield tag="035" ind1=" " ind2=" ">
    <subfield code="a">(DE-605)HT006987933</subfield>
  </datafield>
  <datafield tag="040" ind1=" " ind2=" ">
    <subfield code="a">9001</subfield>
    <subfield code="b">ger</subfield>
    <subfield code="c">DNB</subfield>
    <subfield code="d">9999</subfield>
    <subfield code="e">rakwb</subfield>
  </datafield>
  <datafield tag="041" ind1=" " ind2=" ">
    <subfield code="a">spa</subfield>
  </datafield>
  <datafield tag="044" ind1=" " ind2=" ">
    <subfield code="c">XA-ES</subfield>
  </datafield>
  <datafield tag="084" ind1=" " ind2=" ">
    <subfield code="a">070</subfield>
    <subfield code="a">230</subfield>
    <subfield code="q">DE-600</subfield>
    <subfield code="2">zdbs</subfield>
  </datafield>
  <datafield tag="084" ind1=" " ind2=" ">
    <subfield code="a">100</subfield>
    <subfield code="a">238</subfield>
    <subfield code="a">z231</subfield>
    <subfield code="q">DE-600</subfield>
    <subfield code="2">zdbs</subfield>
  </datafield>
  <datafield tag="245" ind1="0" ind2="0">
    <subfield code="a">Ecclesia</subfield>
    <subfield code="b">&#243;rgano de la Direcci&#243;n Central de la Acci&#243;n Cat&#243;lica Espa&#241;ola</subfield>
  </datafield>
  <datafield tag="264" ind1="3" ind2="1">
    <subfield code="a">Madrid</subfield>
    <subfield code="c">1940-</subfield>
  </datafield>
  <datafield tag="362" ind1="0" ind2=" ">
    <subfield code="a">1.1940,Nr. espec.; 1.1941=Nr. 1 -</subfield>
  </datafield>
  <datafield tag="515" ind1=" " ind2=" ">
    <subfield code="a">Periodizit&#228;t: w&#246;chentl.</subfield>
  </datafield>
  <datafield tag="591" ind1=" " ind2=" ">
    <subfield code="a">(&#252;a/Z)</subfield>
  </datafield>
  <datafield tag="710" ind1="2" ind2=" ">
    <subfield code="a">Acci&#243;n Cat&#243;lica Espa&#241;ola</subfield>
    <subfield code="0">(DE-588)219515-X</subfield>
    <subfield code="4">oth</subfield>
    <subfield code="0">(uri) https://portal.dnb.de/opac.htm?method=simpleSearch&amp;cqlMode=true&amp;query=idn=002195151</subfield>
    <subfield code="0">(uri) http://viaf.org/viaf/sourceID/DNB|002195151</subfield>
    <subfield code="B">GND-002195151</subfield>
  </datafield>
  <datafield tag="751" ind1=" " ind2=" ">
    <subfield code="a">Madrid</subfield>
    <subfield code="0">4036862-2</subfield>
    <subfield code="4">dbp</subfield>
  </datafield>
  <datafield tag="964" ind1="0" ind2="s">
    <subfield code="F">030</subfield>
    <subfield code="A">b|zucz|z|||37</subfield>
  </datafield>
  <datafield tag="964" ind1="0" ind2="s">
    <subfield code="F">050</subfield>
    <subfield code="A">a|a|||||||||||</subfield>
  </datafield>
  <datafield tag="964" ind1="0" ind2="s">
    <subfield code="F">052</subfield>
    <subfield code="A">z||||||zw||||||</subfield>
  </datafield>
  <datafield tag="035" ind1=" " ind2=" ">
    <subfield code="a">(OCoLC)1001414361</subfield>
    <subfield code="0">(uri) http://www.worldcat.org/oclc/1001414361</subfield>
  </datafield>
  <datafield tag="035" ind1=" " ind2=" ">
    <subfield code="a">(DE-600)626580-7</subfield>
  </datafield>
  <datafield tag="035" ind1=" " ind2=" ">
    <subfield code="a">(DE-599)ZDB626580-7</subfield>
  </datafield>
  <datafield tag="MBD" ind1=" " ind2=" ">
    <subfield code="M">49HBZ_NETWORK</subfield>
    <subfield code="i">990055479940206441</subfield>
    <subfield code="n">HBZ Network</subfield>
  </datafield>
  <datafield tag="MNG" ind1=" " ind2=" ">
    <subfield code="c">System</subfield>
    <subfield code="f">ILS</subfield>
    <subfield code="i">marc21</subfield>
    <subfield code="k">01</subfield>
    <subfield code="e">false</subfield>
    <subfield code="d">2021-04-07 21:45:04 Europe/Berlin</subfield>
    <subfield code="g">005547994-HBZ01</subfield>
    <subfield code="j">90</subfield>
    <subfield code="a">import</subfield>
    <subfield code="b">2021-04-05 14:57:31 Europe/Berlin</subfield>
  </datafield>
  <datafield tag="GKT" ind1="2" ind2=" ">
    <subfield code="a">Katholische Aktion</subfield>
    <subfield code="A">GND</subfield>
    <subfield code="B">GND-002195151</subfield>
    <subfield code="C">410</subfield>
  </datafield>
  <datafield tag="GKT" ind1="2" ind2=" ">
    <subfield code="a">Accio&#769;n Cato&#769;lica Espan&#772;ola</subfield>
    <subfield code="4">nswd</subfield>
    <subfield code="4">http://d-nb.info/standards/elementset/gnd#variantName</subfield>
    <subfield code="w">r</subfield>
    <subfield code="i">Ehemalige Vorzugsbenennung SWD</subfield>
    <subfield code="e">Ehemalige Vorzugsbenennung SWD</subfield>
    <subfield code="A">GND</subfield>
    <subfield code="B">GND-002195151</subfield>
    <subfield code="C">410</subfield>
  </datafield>
  <datafield tag="GSI" ind1="7" ind2=" ">
    <subfield code="a">http://d-nb.info/gnd/219515-X</subfield>
    <subfield code="2">uri</subfield>
    <subfield code="A">GND</subfield>
    <subfield code="B">GND-002195151</subfield>
    <subfield code="C">024</subfield>
  </datafield>
</record>